@Manual{R-golem,
    title = {golem: A Framework for Robust Shiny Applications},
    author = {Vincent Guyader and Colin Fay and SÃ©bastien Rochette and Cervan Girard},
    year = {2020},
    note = {R package version 0.2.1.9021},
    url = {https://github.com/ThinkR-open/golem},
  }
