@Manual{R-apexcharter,
  title = {apexcharter: Create Interactive Chart with the JavaScript 'ApexCharts'
Library},
  author = {Victor Perrier and Fanny Meyer},
  year = {2020},
  note = {R package version 0.1.5},
  url = {https://CRAN.R-project.org/package=apexcharter},
}

@Manual{R-base,
  title = {R: A Language and Environment for Statistical Computing},
  author = {{R Core Team}},
  organization = {R Foundation for Statistical Computing},
  address = {Vienna, Austria},
  year = {2019},
  url = {https://www.R-project.org/},
}

@Manual{R-blogdown,
  title = {blogdown: Create Blogs and Websites with R Markdown},
  author = {Yihui Xie},
  year = {2020},
  note = {R package version 0.20},
  url = {https://CRAN.R-project.org/package=blogdown},
}

@Manual{R-bookdown,
  title = {bookdown: Authoring Books and Technical Documents with R Markdown},
  author = {Yihui Xie},
  year = {2020},
  note = {R package version 0.20},
  url = {https://CRAN.R-project.org/package=bookdown},
}

@Manual{R-bs4Dash,
  title = {bs4Dash: A 'Bootstrap 4' Version of 'shinydashboard'},
  author = {David Granjon},
  year = {2020},
  note = {https://rinterface.github.io/bs4Dash/index.html,
https://github.com/RinteRface/bs4Dash},
}

@Manual{R-CaPO4Sim,
  title = {CaPO4Sim: A Virtual Patient Simulator in the Context of Calcium and Phosphate Homeostasis},
  author = {David Granjon},
  note = {R package version 0.2.0.9000},
  year = {2020},
}

@Manual{R-cascadess,
  title = {cascadess: A Style Pronoun for 'htmltools' Tags},
  author = {Nathan Teetor},
  year = {2020},
  note = {R package version 0.1.0},
  url = {https://github.com/nteetor/cascadess},
}

@Manual{R-charpente,
  title = {charpente: Seamlessly design robust 'shiny' extensions},
  author = {David Granjon and John Coene},
  year = {2020},
  note = {R package version 0.0.0.9000},
  url = {https://github.com/RinteRface/charpente},
}

@Manual{R-deminR,
  title = {deminR: deminR},
  author = {Gabrielle Devaux and David Granjon},
  year = {2020},
  note = {R package version 0.0.0.9000},
}

@Manual{R-dplyr,
  title = {dplyr: A Grammar of Data Manipulation},
  author = {Hadley Wickham and Romain François and Lionel {
             Henry} and Kirill Müller},
  year = {2020},
  note = {R package version 1.0.2},
  url = {https://CRAN.R-project.org/package=dplyr},
}

@Manual{R-fresh,
  title = {fresh: Create Custom 'Bootstrap' Themes to Use in 'Shiny'},
  author = {Victor Perrier and Fanny Meyer},
  year = {2020},
  note = {R package version 0.2.0},
  url = {https://CRAN.R-project.org/package=fresh},
}

@Manual{R-ggplot2,
  title = {ggplot2: Create Elegant Data Visualisations Using the Grammar of Graphics},
  author = {Hadley Wickham and Winston Chang and Lionel Henry and Thomas Lin Pedersen and Kohske Takahashi and Claus Wilke and Kara Woo and Hiroaki Yutani and Dewey Dunnington},
  year = {2020},
  note = {R package version 3.3.2},
  url = {https://CRAN.R-project.org/package=ggplot2},
}

@Manual{R-golem,
  title = {golem: A Framework for Robust Shiny Applications},
  author = {Colin Fay and Vincent Guyader and Sébastien Rochette and Cervan Girard},
  year = {2020},
  note = {R package version 0.3.0},
  url = {https://github.com/ThinkR-open/golem},
}

@Manual{R-htmltools,
  title = {htmltools: Tools for HTML},
  author = {Joe Cheng and Carson Sievert and Winston Chang and Yihui Xie and Jeff Allen},
  year = {2020},
  note = {R package version 0.5.0},
  url = {https://CRAN.R-project.org/package=htmltools},
}

@Manual{R-jstools,
  title = {jstools: Tools to Work with JavaScript and CSS},
  author = {Victor Perrier and Fanny Meyer},
  year = {2020},
  note = {R package version 0.1.0},
  url = {https://github.com/dreamRs/jstools},
}

@Manual{R-knitr,
  title = {knitr: A General-Purpose Package for Dynamic Report Generation in R},
  author = {Yihui Xie},
  year = {2020},
  note = {R package version 1.29},
  url = {https://CRAN.R-project.org/package=knitr},
}

@Manual{R-magrittr,
  title = {magrittr: A Forward-Pipe Operator for R},
  author = {Stefan Milton Bache and Hadley Wickham},
  year = {2014},
  note = {R package version 1.5},
  url = {https://CRAN.R-project.org/package=magrittr},
}

@Manual{R-purrr,
  title = {purrr: Functional Programming Tools},
  author = {Lionel Henry and Hadley Wickham},
  year = {2020},
  note = {R package version 0.3.4},
  url = {https://CRAN.R-project.org/package=purrr},
}

@Manual{R-rmarkdown,
  title = {rmarkdown: Dynamic Documents for R},
  author = {JJ Allaire and Yihui Xie and Jonathan McPherson and Javier Luraschi and Kevin Ushey and Aron Atkins and Hadley Wickham and Joe Cheng and Winston Chang and Richard Iannone},
  year = {2020},
  note = {R package version 2.3.3},
  url = {https://github.com/rstudio/rmarkdown},
}

@Manual{R-scales,
  title = {scales: Scale Functions for Visualization},
  author = {Hadley Wickham and Dana Seidel},
  year = {2020},
  note = {R package version 1.1.1},
  url = {https://CRAN.R-project.org/package=scales},
}

@Manual{R-shiny,
  title = {shiny: Web Application Framework for R},
  author = {Winston Chang and Joe Cheng and JJ Allaire and Yihui Xie and Jonathan McPherson},
  year = {2020},
  note = {R package version 1.5.0},
  url = {https://CRAN.R-project.org/package=shiny},
}

@Manual{R-shinybulma,
  title = {shinybulma: Bulma for Shiny},
  author = {John Coene},
  note = {R package version 0.0.1},
  url = {https://github.com/JohnCoene/shinybulma},
  year = {2020},
}

@Manual{R-shinydashboard,
  title = {shinydashboard: Create Dashboards with 'Shiny'},
  author = {Winston Chang and Barbara {Borges Ribeiro}},
  year = {2018},
  note = {R package version 0.7.1},
  url = {https://CRAN.R-project.org/package=shinydashboard},
}

@Manual{R-shinydashboardPlus,
  title = {shinydashboardPlus: Add More 'AdminLTE2' Components to 'shinydashboard'},
  author = {David Granjon},
  note = {https://github.com/RinteRface/shinydashboardPlus, https://rinterface.com/shiny/shinydashboardPlus/},
  year = {2020},
}

@Manual{R-shinyMobile,
  title = {shinyMobile: Mobile Ready 'shiny' Apps with Standalone Capabilities},
  author = {David Granjon and Victor Perrier and Isabelle Rudolf},
  note = {https://github.com/RinteRface/shinyMobile, https://rinterface.github.io/shinyMobile/},
  year = {2020},
}

@Manual{R-shinyWidgets,
  title = {shinyWidgets: Custom Inputs Widgets for Shiny},
  author = {Victor Perrier and Fanny Meyer and David Granjon},
  year = {2020},
  note = {R package version 0.5.3},
  url = {https://CRAN.R-project.org/package=shinyWidgets},
}

@Manual{R-tablerDash,
  title = {tablerDash: 'Tabler' API for 'Shiny'},
  author = {David Granjon},
  year = {2020},
  note = {https://rinterface.github.io/tablerDash/,
https://github.com/RinteRface/tablerDash/},
}

@Manual{R-testthat,
  title = {testthat: Unit Testing for R},
  author = {Hadley Wickham},
  year = {2020},
  note = {R package version 2.3.2},
  url = {https://CRAN.R-project.org/package=testthat},
}

@Manual{R-thematic,
  title = {thematic: Unified and Automatic Theming of 'ggplot2', 'lattice', and
'base' R Graphics},
  author = {Carson Sievert and Joe Cheng},
  year = {2020},
  note = {https://rstudio.github.io/thematic,
https://github.com/rstudio/thematic#readme},
}

@Book{blogdown2017,
  title = {blogdown: Creating Websites with {R} Markdown},
  author = {Yihui Xie and Alison Presmanes Hill and Amber Thomas},
  publisher = {Chapman and Hall/CRC},
  address = {Boca Raton, Florida},
  year = {2017},
  note = {ISBN 978-0815363729},
  url = {https://github.com/rstudio/blogdown},
}

@Book{bookdown2016,
  title = {bookdown: Authoring Books and Technical Documents with {R} Markdown},
  author = {Yihui Xie},
  publisher = {Chapman and Hall/CRC},
  address = {Boca Raton, Florida},
  year = {2016},
  note = {ISBN 978-1138700109},
  url = {https://github.com/rstudio/bookdown},
}

@Book{ggplot22016,
  author = {Hadley Wickham},
  title = {ggplot2: Elegant Graphics for Data Analysis},
  publisher = {Springer-Verlag New York},
  year = {2016},
  isbn = {978-3-319-24277-4},
  url = {https://ggplot2.tidyverse.org},
}

@Book{knitr2015,
  title = {Dynamic Documents with {R} and knitr},
  author = {Yihui Xie},
  publisher = {Chapman and Hall/CRC},
  address = {Boca Raton, Florida},
  year = {2015},
  edition = {2nd},
  note = {ISBN 978-1498716963},
  url = {https://yihui.org/knitr/},
}

@InCollection{knitr2014,
  booktitle = {Implementing Reproducible Computational Research},
  editor = {Victoria Stodden and Friedrich Leisch and Roger D. Peng},
  title = {knitr: A Comprehensive Tool for Reproducible Research in {R}},
  author = {Yihui Xie},
  publisher = {Chapman and Hall/CRC},
  year = {2014},
  note = {ISBN 978-1466561595},
  url = {http://www.crcpress.com/product/isbn/9781466561595},
}

@Book{rmarkdown2018,
  title = {R Markdown: The Definitive Guide},
  author = {Yihui Xie and J.J. Allaire and Garrett Grolemund},
  publisher = {Chapman and Hall/CRC},
  address = {Boca Raton, Florida},
  year = {2018},
  note = {ISBN 9781138359338},
  url = {https://bookdown.org/yihui/rmarkdown},
}

@Article{testthat2011,
  author = {Hadley Wickham},
  title = {testthat: Get Started with Testing},
  journal = {The R Journal},
  year = {2011},
  volume = {3},
  pages = {5--10},
  url = {https://journal.r-project.org/archive/2011-1/RJournal_2011-1_Wickham.pdf},
}

